<?xml version="1.0" encoding="UTF-8"?><collection xmlns="http://www.loc.gov/MARC21/slim"><record><leader>00647nam--2200217-u-4500</leader><controlfield tag="001">000053326</controlfield><controlfield tag="002">20161230</controlfield><controlfield tag="005">20161230201051</controlfield><controlfield tag="008">110311s1000------------r-----000-0-eng-d</controlfield><datafield ind1=" " ind2=" " tag="020"><subfield code="a">0821835270</subfield></datafield><datafield ind1=" " ind2=" " tag="040"><subfield code="a">IFIN-HH</subfield></datafield><datafield ind1=" " ind2=" " tag="080"><subfield code="a">512.54.03:512.547.2</subfield></datafield><datafield ind1="1" ind2=" " tag="100"><subfield code="a">Jantzen, Jens Carsten</subfield></datafield><datafield ind1="1" ind2="0" tag="245"><subfield code="a">Representations of algebric groups</subfield><subfield code="c">Jens carsten jantzen</subfield></datafield><datafield ind1=" " ind2=" " tag="250"><subfield code="a">Second Edition</subfield></datafield><datafield ind1=" " ind2=" " tag="260"><subfield code="a">Providence, Rhode Island</subfield><subfield code="b">American Mathematical Society</subfield><subfield code="c">2003</subfield></datafield><datafield ind1=" " ind2=" " tag="300"><subfield code="a">576P</subfield></datafield><datafield ind1=" " ind2=" " tag="490"><subfield code="a">Mathematical Surveys And Monographs</subfield><subfield code="v">Vol. 107</subfield></datafield><datafield ind1=" " ind2="4" tag="650"><subfield code="a">Linear Algebric Groups</subfield></datafield><datafield ind1=" " ind2=" " tag="852"><subfield code="a">81692</subfield><subfield code="c">519.4/5</subfield></datafield><datafield ind1=" " ind2=" " tag="CAT"><subfield code="a">Sys</subfield><subfield code="c">20110311</subfield><subfield code="h">141407</subfield></datafield></record></collection>